<record><leader>00000cas a2200000 a 4500</leader><controlfield tag="001">47038425</controlfield><controlfield tag="008">010530u1906uuuumauwr n       0    0fin c</controlfield><datafield ind1=" " ind2=" " tag="010"><subfield code="a">sn2001061702</subfield></datafield><datafield ind1=" " ind2=" " tag="040"><subfield code="a">MHN</subfield><subfield code="b">eng</subfield><subfield code="c">MHN</subfield><subfield code="d">OCLCQ</subfield><subfield code="d">OCLCF</subfield><subfield code="d">OCLCO</subfield></datafield><datafield ind1="1" ind2=" " tag="029"><subfield code="a">AU@</subfield><subfield code="b">000022746268</subfield></datafield><datafield ind1=" " ind2=" " tag="042"><subfield code="a">pcc</subfield></datafield><datafield ind1=" " ind2=" " tag="043"><subfield code="a">n-us-mi</subfield></datafield><datafield ind1="0" ind2="0" tag="245"><subfield code="a">Uusi totuus.</subfield></datafield><datafield ind1=" " ind2=" " tag="260"><subfield code="a">Quincyssa, Mass. :</subfield><subfield code="b">'Valo' Pub. Co.</subfield></datafield><datafield ind1=" " ind2=" " tag="300"><subfield code="a">v.</subfield></datafield><datafield ind1=" " ind2=" " tag="310"><subfield code="a">Weekly,</subfield><subfield code="b">&lt;1907-&gt;</subfield></datafield><datafield ind1=" " ind2=" " tag="321"><subfield code="a">Monthly,</subfield><subfield code="b">&lt;1906&gt;</subfield></datafield><datafield ind1="0" ind2=" " tag="362"><subfield code="a">1:nen vuosik., no. 1 (Tammik. 15 p. 1906)-</subfield></datafield><datafield ind1=" " ind2=" " tag="546"><subfield code="a">In Finnish.</subfield></datafield><datafield ind1=" " ind2="0" tag="650"><subfield code="a">Finns</subfield><subfield code="z">Massachusetts</subfield><subfield code="v">Newspapers.</subfield></datafield><datafield ind1=" " ind2="0" tag="651"><subfield code="a">Quincy (Mass.)</subfield><subfield code="v">Newspapers.</subfield></datafield><datafield ind1=" " ind2="7" tag="655"><subfield code="a">Newspapers.</subfield><subfield code="2">fast</subfield><subfield code="0">(OCoLC)fst01423814</subfield></datafield><datafield ind1=" " ind2="7" tag="650"><subfield code="a">Finns.</subfield><subfield code="2">fast</subfield><subfield code="0">(OCoLC)fst00925139</subfield></datafield><datafield ind1=" " ind2="7" tag="651"><subfield code="a">Massachusetts.</subfield><subfield code="2">fast</subfield><subfield code="0">(OCoLC)fst01204307</subfield></datafield><datafield ind1=" " ind2="7" tag="651"><subfield code="a">Massachusetts</subfield><subfield code="z">Quincy.</subfield><subfield code="2">fast</subfield><subfield code="0">(OCoLC)fst01212966</subfield></datafield><datafield ind1=" " ind2=" " tag="752"><subfield code="a">United States</subfield><subfield code="b">Massachusetts</subfield><subfield code="d">Quincy.</subfield></datafield></record>